%% Jun Ma's personal bib
%% https://scholar.google.com.hk/citations?hl=en&user=bW1UV4IAAAAJ

%%%%%%%%%%%%%%%%%%%%%%%%%%%%% General Refs %%%%%%%%%%%%%%%%%%%%%%%%%%%%%%%%%%%%%%%
%%%%%%%%%%%%%%%%%%%%%%%%%%%%%%%%%%%%%%%%%%%%%%%%%%%%%%%%%%%%%%%%%%%%%%%%%%%%%%%%%%
@article{RECIST09,
  title={New response evaluation criteria in solid tumours: revised RECIST guideline (version 1.1)},
  author={Eisenhauer, Elizabeth A and Therasse, Patrick and Bogaerts, Jan and Schwartz, Lawrence H and Sargent, Danielle and Ford, Robert and Dancey, Janet and Arbuck, S and Gwyther, Steve and Mooney, Margaret and others},
  journal={European Journal of Cancer},
  volume={45},
  number={2},
  pages={228--247},
  year={2009}
}

@article{nnunet21,
  title={nnU-Net: a self-configuring method for deep learning-based biomedical image segmentation},
  author={Isensee, Fabian and Jaeger, Paul F and Kohl, Simon AA and Petersen, Jens and Maier-Hein, Klaus H},
  journal={Nature Methods},
  volume={18},
  number={2},
  pages={203--211},
  year={2021}
}

@inproceedings{ADAM15,
title={Adam: A method for stochastic optimization},
author={Kingma, Diederik P and Ba, Jimmy},
booktitle={International Conference on Learning Representations},
year={2015}
}

@article{metric-reload,
  title={Metrics reloaded: Pitfalls and recommendations for image analysis validation},
  author={Maier-Hein, Lena and Reinke, Annika and Godau, Patrick and Tizabi, Minu D. and B\"uttner, Florian and others},
  journal={arXiv preprint arXiv:2206.01653},
  year={2022}
}


%%%%%%%%%%%%%%%%%%%%%%%%%%%%%%%%%%%%%%%%%%%%%%%%%%%%%%%%%%%%%%%%%%%%%%%%%%%%%%%%%%
%%%%%%%%%%%%%%%%%%%%%%%%%%%%%%%%% Review %%%%%%%%%%%%%%%%%%%%%%%%%%%%%%%%%%%%%%%%%
%%%%%%%%%%%%%%%%%%%%%%%%%%%%%%%%%%%%%%%%%%%%%%%%%%%%%%%%%%%%%%%%%%%%%%%%%%%%%%%%%%
@article{Xu2000SegReview,
  title={Current methods in medical image segmentation},
  author={Pham, Dzung L and Xu, Chenyang and Prince, Jerry L},
  journal={Annual Review of Biomedical Engineering},
  volume={2},
  number={1},
  pages={315--337},
  year={2000}
}

@article{osher2001LSReview,
  title={Level set methods: an overview and some recent results},
  author={Osher, Stanley and Fedkiw, Ronald P},
  journal={Journal of Computational physics},
  volume={169},
  number={2},
  pages={463--502},
  year={2001}
}

@article{cremers2007LSPrior,
  title={A review of statistical approaches to level set segmentation: integrating color, texture, motion and shape},
  author={Cremers, Daniel and Rousson, Mikael and Deriche, Rachid},
  journal={International Journal of Computer Vision},
  volume={72},
  number={2},
  pages={195--215},
  year={2007}
}

@article{shen2017DL,
  title={Deep learning in medical image analysis},
  author={Shen, Dinggang and Wu, Guorong and Suk, Heung-Il},
  journal={Annual Review of Biomedical Engineering},
  volume={19},
  pages={221--248},
  year={2017}
}

@article{Boykov2020DLSeg,
  title={Image segmentation using deep learning: A survey},
  author={Minaee, Shervin and Boykov, Yuri and Porikli, Fatih and Plaza, Antonio and Kehtarnavaz, Nasser and Terzopoulos, Demetri},
  journal={IEEE Transactions on Pattern Analysis and Machine Intelligence},
  volume={44},
  number={7},
  pages={3523-3542},
  year={2022}
}

@article{NatMed-Retina2018,
  title={Clinically applicable deep learning for diagnosis and referral in retinal disease},
  author={De Fauw, Jeffrey and Ledsam, Joseph R and Romera-Paredes, Bernardino and Nikolov, Stanislav and Tomasev, Nenad and Blackwell, Sam and Askham, Harry and Glorot, Xavier and O’Donoghue, Brendan and Visentin, Daniel and others},
  journal={Nature Medicine},
  volume={24},
  number={9},
  pages={1342--1350},
  year={2018}
}

@article{tajbakhsh2020embracing-MIA,
  title={Embracing imperfect datasets: A review of deep learning solutions for medical image segmentation},
  author={Tajbakhsh, Nima and Jeyaseelan, Laura and Li, Qian and Chiang, Jeffrey N and Wu, Zhihao and Ding, Xiaowei},
  journal={Medical Image Analysis},
  pages={101693},
  year={2020}
}

@article{KiTS2021MIA,
  title={The state of the art in kidney and kidney tumor segmentation in contrast-enhanced ct imaging: Results of the kits19 challenge},
  author={Nicholas Heller and Fabian Isensee and Klaus H. Maier-Hein and Xiaoshuai Hou and Chunmei Xie and Fengyi Li and others},
  journal={Medical Image Analysis},
  volume={67},
  pages={101821},
  year={2021}
}

@article{KiTS-Challenge,
author = {Heller, Nicholas and McSweeney, Sean and Peterson, Matthew Thomas and Peterson, Sarah and Rickman, Jack and Stai, Bethany and Tejpaul, Resha and Oestreich, Makinna and Blake, Paul and Rosenberg, Joel and Moore, Keenan and Walczak, Edward and Rengel, Zachary and Edgerton, Zach and Vasdev, Ranveer and Kalapara, Arveen and Sathianathen, Niranjan J. and Papanikolopoulos, Nikolaos and Weight, Christopher J.},
title = {An international challenge to use artificial intelligence to define the state-of-the-art in kidney and kidney tumor segmentation in CT imaging.},
journal = {Journal of Clinical Oncology},
volume = {38},
number = {6},
pages = {626-626},
year = {2020}
}



@inproceedings{MICCAI15-Pancreas,
  title={Deeporgan: Multi-level deep convolutional networks for automated pancreas segmentation},
  author={Roth, Holger R and Lu, Le and Farag, Amal and Shin, Hoo-Chang and Liu, Jiamin and Turkbey, Evrim B and Summers, Ronald M},
  booktitle={International Conference on Medical Image Computing and Computer-assisted Intervention},
  pages={556--564},
  year={2015}
}

@misc{NIHPancreas,
  title = {Data From Pancreas-CT},
  author={Roth, Holger R and Farag, Amal and Turkbey, Evrim B and Lu, Le and Liu, Jiamin and Summers, Ronald M},
  published = {The Cancer Imaging Archive},
  year = {2016}
}

@inproceedings{NIH-Pancreas2,
  title={Deeporgan: Multi-level deep convolutional networks for automated pancreas segmentation},
  author={Roth, Holger R and Lu, Le and Farag, Amal and Shin, Hoo-Chang and Liu, Jiamin and Turkbey, Evrim B and Summers, Ronald M},
  booktitle={International Conference on Medical Image Computing and Computer-assisted Intervention},
  pages={556--564},
  year={2015}
}


@article{TCIA,
  title={The Cancer Imaging Archive (TCIA): maintaining and operating a public information repository},
  author={Clark, Kenneth and Vendt, Bruce and Smith, Kirk and Freymann, John and Kirby, Justin and Koppel, Paul and Moore, Stephen and Phillips, Stanley and Maffitt, David and Pringle, Michael and others},
  journal={Journal of Digital Imaging},
  volume={26},
  number={6},
  pages={1045--1057},
  year={2013}
}

@article{MMs2020,
  title={Multi-centre, multi-vendor and multi-disease cardiac segmentation: The m\&ms challenge},
  author={Campello, Víctor M. and Gkontra, Polyxeni and Izquierdo, Cristian and Martín-Isla, Carlos and Sojoudi, Alireza and Full, Peter M. and Maier-Hein, Klaus and Zhang, Yao and He, Zhiqiang and Ma, Jun and Parreño, Mario and Albiol, Alberto and Kong, Fanwei and Shadden, Shawn C. and Acero, Jorge Corral and Sundaresan, Vaanathi and Saber, Mina and Elattar, Mustafa and Li, Hongwei and Menze, Bjoern and Khader, Firas and Haarburger, Christoph and Scannell, Cian M. and Veta, Mitko and Carscadden, Adam and Punithakumar, Kumaradevan and Liu, Xiao and Tsaftaris, Sotirios A. and Huang, Xiaoqiong and Yang, Xin and Li, Lei and Zhuang, Xiahai and Viladés, David and Descalzo, Martín L. and Guala, Andrea and La Mura, Lucia and Friedrich, Matthias G. and Garg, Ria and Lebel, Julie and Henriques, Filipe and Karakas, Mahir and Çavuş, Ersin and Petersen, Steffen E. and Escalera, Sergio and Seguí, Santi and Rodríguez-Palomares, José F. and Lekadir, Karim},
  journal={IEEE Transactions on Medical Imaging},
  pages={1-1},
  year={2021}
}

@article{kavur2020chaos,
title = {CHAOS Challenge - combined (CT-MR) healthy abdominal organ segmentation},
journal = {Medical Image Analysis},
volume = {69},
pages = {101950},
year = {2021},
author = {A. Emre Kavur and N. Sinem Gezer and Mustafa Barış and Sinem Aslan and Pierre-Henri Conze and Vladimir Groza and others}
}

% Duc Duy Pham and Soumick Chatterjee and Philipp Ernst and Savaş Özkan and Bora Baydar and Dmitry Lachinov and Shuo Han and Josef Pauli and Fabian Isensee and Matthias Perkonigg and Rachana Sathish and Ronnie Rajan and Debdoot Sheet and Gurbandurdy Dovletov and Oliver Speck and Andreas Nürnberger and Klaus H. Maier-Hein and Gözde {Bozdağı Akar} and Gözde Ünal and Oğuz Dicle and M. Alper Selver


@article{wang2019iseg17,
  title={Benchmark on automatic 6-month-old infant brain segmentation algorithms: the iSeg-2017 challenge},
  author={Wang, Li and Nie, Dong and Li, Guannan and Puybareau, {\'E}lodie and Dolz, Jose and Zhang, Qian and Wang, Fan and Xia, Jing and Wu, Zhengwang and Chen, Jiawei and others},
  journal={IEEE Transactions on Medical Imaging},
  year={2019},
  volume={38},
  number={9},
  pages={2219-2230}
}

@article{E-CNN-Theory,
author = {E, Weinan and Ma, Chao and Wu, Lei and Wojtowytsch, Stephan},
title = {Towards a Mathematical Understanding of Neural Network-Based Machine Learning: What We Know and What We Don't},
journal = {CSIAM Transactions on Applied Mathematics},
year = {2020},
volume = {1},
number = {4},
pages = {561--615}
}

@article {CNN-Theory-PNAS,
	author = {Poggio, Tomaso and Banburski, Andrzej and Liao, Qianli},
	title = {Theoretical issues in deep networks},
	volume = {117},
	number = {48},
	pages = {30039--30045},
	year = {2020},
	journal = {Proceedings of the National Academy of Sciences}
}

@article{CNN-Theory-Tao,
  title={TRecent advances in deep learning theory},
  author={He, Fengxiang and Tao, Dacheng},
  journal={arXiv preprint arXiv:2012.10931},
  year={2020}
}

@article{SegLossOdyssey,
  title={Loss Odyssey in Medical Image Segmentation},
  author={Ma, Jun and Chen, Jianan and Ng, Matthew and Huang, Rui and Li, Yu and Li, Chen and Yang, Xiaoping and Martel, Anne},
  journal={Medical Image Analysis},
  volume = {71},
  pages = {102035},
  year={2021}
}

@article{TMI20-LossTheory,
  title={Optimization for medical image segmentation: theory and practice when evaluating with Dice score or Jaccard index},
  author={Eelbode, Tom and Bertels, Jeroen and Berman, Maxim and Vandermeulen, Dirk and Maes, Frederik and Bisschops, Raf and Blaschko, Matthew B},
  journal={IEEE Transactions on Medical Imaging},
  volume={39},
  number={11},
  pages={3679--3690},
  year={2020}
}

@article{SegLossEnsemble,
  title={Loss Ensembles for Extremely Imbalanced Segmentation},
  author={Ma, Jun},
  journal={arXiv preprint arXiv:2101.10815},
  year={2020}
}

@inproceedings{ma-MIDL2020-SegWithDist,
  title={How Distance Transform Maps Boost Segmentation CNNs: An Empirical Study},
  author={Ma, Jun and Wei, Zhan and Zhang, Yiwen and Wang, Yixin and Lv, Rongfei and Zhu, Cheng and Chen, Gaoxiang and Liu, Jianan and Peng, Chao and Wang, Lei and Wang, Yunpeng and Chen, Jianan},
  booktitle={Medical Imaging with Deep Learning},
  pages = {479--492},
  volume = {121},
  year={2020}
}

@article{BDLoss-2020-MIA,
title = "Boundary loss for highly unbalanced segmentation",
journal = "Medical Image Analysis",
volume = "67",
pages = "101851",
year = "2021",
issn = "1361-8415",
author = "Hoel Kervadec and Jihene Bouchtiba and Christian Desrosiers and Eric Granger and Jose Dolz and Ismail {Ben Ayed}"
}



%%%%%%%%%%%%%%%%%%%%%%%%%%%%%%%%%%%%%%%%%%%%%%%%%%%%%%%%%%%%%%%%%%%%%%%%%%%%%%%%%%
%%%%%%%%%%%%%%%%%%%%%%%%%%%%%%%%% Book %%%%%%%%%%%%%%%%%%%%%%%%%%%%%%%%%%%%%%%%%%%
%%%%%%%%%%%%%%%%%%%%%%%%%%%%%%%%%%%%%%%%%%%%%%%%%%%%%%%%%%%%%%%%%%%%%%%%%%%%%%%%%%

@book{szeliski2010CVBook,
  title={Computer vision: algorithms and applications},
  author={Szeliski, Richard},
  year={2010},
  address = {London},
  publisher={Springer Science \& Business Media}
}

@book{Ismail2010LevelSetBook,
  title={Variational and level set methods in image segmentation},
  author={Mitiche, Amar and Ayed, Ismail Ben},
  volume={5},
  year={2010},
  address = {London},
  publisher={Springer Science \& Business Media}
}

@book{goodfellow2016deeplearning,
  title={Deep learning},
  author={Goodfellow, Ian and Bengio, Yoshua and Courville, Aaron and Bengio, Yoshua},
  year={2016},
  address = {Cambridge},
  publisher={MIT press}
}


%%%%%%%%%%%%%%%%%%%%%%%%%%%%%%%%%%%%%%%%%%%%%%%%%%%%%%%%%%%%%%%%%%%%%%%%%%%%%%%%%%
%%%%%%%%%%%%%%%%%%%%%%%%%%%%%%%%% Dataset %%%%%%%%%%%%%%%%%%%%%%%%%%%%%%%%%%%%%%%%
%%%%%%%%%%%%%%%%%%%%%%%%%%%%%%%%%%%%%%%%%%%%%%%%%%%%%%%%%%%%%%%%%%%%%%%%%%%%%%%%%%

% 2D images

@article{XRay-JSRT,
  title={Development of a digital image database for chest radiographs with and without a lung nodule: receiver operating characteristic analysis of radiologists' detection of pulmonary nodules},
  author={Shiraishi, Junji and Katsuragawa, Shigehiko and Ikezoe, Junpei and Matsumoto, Tsuneo and Kobayashi, Takeshi and Komatsu, Ken-ichi and Matsui, Mitate and Fujita, Hiroshi and Kodera, Yoshie and Doi, Kunio},
  journal={American Journal of Roentgenology},
  volume={174},
  number={1},
  pages={71--74},
  year={2000}
}

@article{polyp-nature-data,
  title={A multi-centre polyp detection and segmentation dataset for generalisability assessment},
  author={Ali, Sharib and Jha, Debesh and Ghatwary, Noha and Realdon, Stefano and Cannizzaro, Renato and Salem, Osama E and Lamarque, Dominique and Daul, Christian and Riegler, Michael A and Anonsen, Kim V and others},
  journal={Scientific Data},
  volume={10},
  number={1},
  pages={75},
  year={2023}
}

@article{Endo-instrument,
  author={Garcia-Peraza-Herrera, Luis C. and Fidon, Lucas and D’Ettorre, Claudia and Stoyanov, Danail and Vercauteren, Tom and Ourselin, Sébastien},
  journal={IEEE Transactions on Medical Imaging}, 
  title={Image Compositing for Segmentation of Surgical Tools Without Manual Annotations}, 
  year={2021},
  volume={40},
  number={5},
  pages={1450-1460}
}

@article{US-abdomen-data,
  title={Improving realism in patient-specific abdominal ultrasound simulation using CycleGANs},
  author={Vitale, Santiago and Orlando, Jos{\'e} Ignacio and Iarussi, Emmanuel and Larrabide, Ignacio},
  journal={International Journal of Computer Assisted Radiology and Surgery},
  volume={15},
  number={2},
  pages={183--192},
  year={2020}
}

@misc{DRIVE,
title={DRIVE: Digital Retinal Images for Vessel Extraction},
year={2023},
url={https://drive.grand-challenge.org/},
note={Accessed: 2023-04-05}
}

% miccai15-gland-pathology
% https://warwick.ac.uk/fac/cross_fac/tia/data/glascontest/download/
@article{gland-patho1,
  title={Gland segmentation in colon histology images: The glas challenge contest},
  author={Sirinukunwattana, Korsuk and Pluim, Josien PW and Chen, Hao and Qi, Xiaojuan and Heng, Pheng-Ann and Guo, Yun Bo and Wang, Li Yang and Matuszewski, Bogdan J and Bruni, Elia and Sanchez, Urko and others},
  journal={Medical Image Analysis},
  volume={35},
  pages={489--502},
  year={2017},
}

@article{gland-patho2,
  title={A stochastic polygons model for glandular structures in colon histology images},
  author={Sirinukunwattana, Korsuk and Snead, David RJ and Rajpoot, Nasir M},
  journal={IEEE Transactions on Medical Imaging},
  volume={34},
  number={11},
  pages={2366--2378},
  year={2015}
}

@article{ACDC,
  title={Deep learning techniques for automatic MRI cardiac multi-structures segmentation and diagnosis: is the problem solved?},
  author={Bernard, Olivier and Lalande, Alain and Zotti, Clement and Cervenansky, Frederick and Yang, Xin and Heng, Pheng-Ann and Cetin, Irem and Lekadir, Karim and Camara, Oscar and Ballester, Miguel Angel Gonzalez and others},
  journal={IEEE Transactions on Medical Imaging},
  volume={37},
  number={11},
  pages={2514--2525},
  year={2018}
}

@misc{ABCs-MICCAI20,
  author       = {Nadya Shusharina and
                  Thomas Bortfeld and
                  Carlos Cardenas and
                  Jinzhong Yang},
  title        = {{Anatomical Brain Barriers to Cancer Spread: 
                   Segmentation from CT and MR Images}},
  month        = mar,
  year         = 2020,
  publisher    = {Zenodo},
  doi          = {10.5281/zenodo.3746561},
  url          = {https://doi.org/10.5281/zenodo.3746561}
}

@article{MSD-Dataset,
  title={A large annotated medical image dataset for the development and evaluation of segmentation algorithms},
  author={Simpson, Amber L and Antonelli, Michela and Bakas, Spyridon and Bilello, Michel and Farahani, Keyvan and Van Ginneken, Bram and Kopp-Schneider, Annette and Landman, Bennett A and Litjens, Geert and Menze, Bjoern and others},
  journal={arXiv preprint arXiv:1902.09063},
  year={2019}
}

@article{AMOS22,
  title={AMOS: A Large-Scale Abdominal Multi-Organ Benchmark for Versatile Medical Image Segmentation},
  author={Ji, Yuanfeng and Bai, Haotian and Yang, Jie and Ge, Chongjian and Zhu, Ye and Zhang, Ruimao and Li, Zhen and Zhang, Lingyan and Ma, Wanling and Wan, Xiang and others},
  journal={arXiv preprint arXiv:2206.08023},
  year={2022}
}

@article{LiTS,
  title={The liver tumor segmentation benchmark (lits)},
  author={Bilic, Patrick and Christ, Patrick and Li, Hongwei Bran and Vorontsov, Eugene and Ben-Cohen, Avi and Kaissis, Georgios and Szeskin, Adi and Jacobs, Colin and Mamani, Gabriel Efrain Humpire and Chartrand, Gabriel and others},
  journal={Medical Image Analysis},
  volume={84},
  pages={102680},
  year={2023}
}

@article{NSCLC1,
title={Data from the Thoracic Volume and Pleural Effusion Segmentations in Diseased Lungs for Benchmarking Chest CT Processing Pipelines},
author={Kiser, K.J. and Ahmed, S. and Stieb, S.M. and Mohamed, A.S.R. and Elhalawani, H. and Park, P.Y.S. and Doyle, N.S. and Wang, B.J. and Barman, A. and Fuller, C.D. and Giancardo, L.},
year={2020},
journal={The Cancer Imaging Archive},
doi={10.7937/tcia.2020.6c7y-gq39},
url={https://doi.org/10.7937/tcia.2020.6c7y-gq39}
}

@article{NSCLC2,
  title={Novel autosegmentation spatial similarity metrics capture the time required to correct segmentations better than traditional metrics in a thoracic cavity segmentation workflow},
  author={Kiser, Kendall J and Barman, Arko and Stieb, Sonja and Fuller, Clifton D and Giancardo, Luca},
  journal={Journal of Digital Imaging},
  volume={34},
  pages={541--553},
  year={2021}
}

@article{ma2021-COVID-Data,
  title={Towards Data‐Efficient Learning: A Benchmark for COVID‐19 CT Lung and Infection Segmentation},
  author={Ma, Jun and Wang, Yixin and An, Xingle and Ge, Cheng and Yu, Ziqi and Chen, Jianan and Zhu, Qiongjie and Dong, Guoqiang and He, Jian and He, Zhiqiang and Cao, Tianjia and Zhu, Yuntao and Nie, Ziwei and Yang, Xiaoping},
  journal={Medical Physics},
  volume = {48},
  number = {3},
  pages = {1197-1210},
  year={2021}
}


@article{MosMedData,
  title={MosMedData: Chest CT Scans With COVID-19 Related Findings Dataset},
  author={Morozov, SP and Andreychenko, AE and Pavlov, NA and Vladzymyrskyy, AV and Ledikhova, NV and Gombolevskiy, VA and Blokhin, IA and Gelezhe, PB and Gonchar, AV and Chernina, V Yu},
  journal={arXiv preprint arXiv:2005.06465},
  year={2020}
}

@article{BUSIDataset,
title = "Dataset of breast ultrasound images",
journal = "Data in Brief",
volume = "28",
pages = "104863",
year = "2020",
author = "Walid Al-Dhabyani and Mohammed Gomaa and Hussien Khaled and Aly Fahmy"
}

@article{Ma-2020-abdomenCT-1K,
  title={AbdomenCT-1K: Is Abdominal Organ Segmentation A Solved Problem?},
  author={Ma, Jun and Zhang, Yao and Gu, Song and Zhu, Cheng and Ge, Cheng and Zhang, Yichi and An, Xingle and Wang, Congcong and Wang, Qiyuan and Liu, Xin and Cao, Shucheng and Zhang, Qi and Liu, Shangqing and Wang, Yunpeng and Li, Yuhui and He, Jian and Yang, Xiaoping},
  journal={IEEE Transactions on Pattern Analysis and Machine Intelligence},
  volume={44},
  number={10},
  pages={6695-6714},
  year={2022}
}

%%%%%%%%%%%%% VerSeg %%%%%%%%%%%%%%%%%%%%%%%%%%%%%

@article{verseg-benchmark,
  title={VerSe: A Vertebrae Labelling and Segmentation Benchmark},
  author={Sekuboyina, Anjany and Bayat, Amirhossein and Husseini, Malek E and L{\"o}ffler, Maximilian and Rempfler, Markus and Kuka{\v{c}}ka, Jan and Tetteh, Giles and Valentinitsch, Alexander and Payer, Christian and Urschler, Martin and others},
  journal={arXiv preprint arXiv:2001.09193},
  year={2020}
}

@article{verseg2,
  title={A Vertebral Segmentation Dataset with Fracture Grading},
  author={L{\"o}ffler, Maximilian T and Sekuboyina, Anjany and Jacob, Alina and Grau, Anna-Lena and Scharr, Andreas and El Husseini, Malek and Kallweit, Mareike and Zimmer, Claus and Baum, Thomas and Kirschke, Jan S},
  journal={Radiology: Artificial Intelligence},
  volume={2},
  number={4},
  pages={e190138},
  year={2020}
}

@article{verseg3,
  title={Labeling Vertebrae with Two-dimensional Reformations of Multidetector CT Images: An Adversarial Approach for Incorporating Prior Knowledge of Spine Anatomy},
  author={Sekuboyina, Anjany and Rempfler, Markus and Valentinitsch, Alexander and Menze, Bjoern H and Kirschke, Jan S},
  journal={Radiology: Artificial Intelligence},
  volume={2},
  number={2},
  pages={e190074},
  year={2020}
}



%%%%%%%%%%%%%%%%%%%%%% CADA 2020 %%%%%%%%%%%%%%%%%%%%%%%%%%%
@article{Ma20-CADA-2nd,
  title={Exploring Large Context for Cerebral Aneurysm Segmentation},
  author={Ma, Jun and Nie, Ziwei},
  journal={arXiv preprint arXiv:2012.15136},
  year={2020}
}

%%%%%%%%%%%%%%%%%%%%% MMs 2020 %%%%%%%%%%%%%%%%%%%%%%%%%%%%

@InProceedings{MMs-2020-1st,
author="Full, Peter M.
and Isensee, Fabian
and J{\"a}ger, Paul F.
and Maier-Hein, Klaus",
title="Studying Robustness of Semantic Segmentation Under Domain Shift in Cardiac MRI",
booktitle="Statistical Atlases and Computational Models of the Heart. M{\&}Ms and EMIDEC Challenges",
year="2021",
pages="238--249"
}

@InProceedings{MMs-2020-2nd,
author="Zhang, Yao
and Yang, Jiawei
and Hou, Feng
and Liu, Yang
and Wang, Yixin
and Tian, Jiang
and Zhong, Cheng
and Zhang, Yang
and He, Zhiqiang",
title="Semi-supervised Cardiac Image Segmentation via Label Propagation and Style Transfer",
booktitle="Statistical Atlases and Computational Models of the Heart. M{\&}Ms and EMIDEC Challenges",
year="2021",
pages="219--227"
}

@InProceedings{MMs-2020-3rd,
author="Ma, Jun",
title="Histogram Matching Augmentation for Domain Adaptation with Application to Multi-centre, Multi-vendor and Multi-disease Cardiac Image Segmentation",
booktitle="Statistical Atlases and Computational Models of the Heart. M{\&}Ms and EMIDEC Challenges",
year="2021",
pages="177--186"
}


%%%%%%%%%%%%%%%%%%%%%%%%%%%%%%%%% HECKTOR %%%%%%%%%%%%%%%%%%%%%%%%%
@InProceedings{HECKTOR-2020-2nd,
author="Ma, Jun
and Yang, Xiaoping",
title="Combining CNN and Hybrid Active Contours for Head and Neck Tumor Segmentation in CT and PET Images",
booktitle="Head and Neck Tumor Segmentation",
year="2021",
pages="59--64"
}

@InProceedings{HECKTOR-2020-1st,
author="Iantsen, Andrei
and Visvikis, Dimitris
and Hatt, Mathieu",
title="Squeeze-and-Excitation Normalization for Automated Delineation of Head and Neck Primary Tumors in Combined PET and CT Images",
booktitle="Head and Neck Tumor Segmentation",
year="2021",
pages="37--43"
}




@InProceedings{HECKTOR2021overview,
author="Andrearczyk, Vincent
and Oreiller, Valentin
and Jreige, Mario
and Valli{\`e}res, Martin
and Castelli, Joel
and Elhalawani, Hesham
and Boughdad, Sarah
and Prior, John O.
and Depeursinge, Adrien",
title="Overview of the HECKTOR Challenge at MICCAI 2020: Automatic Head and Neck Tumor Segmentation in PET/CT",
booktitle="Head and Neck Tumor Segmentation",
year="2021",
pages="1--21"
}

@inproceedings{HECKTOR-MIDL2020,
  title={Automatic segmentation of head and neck tumors and nodal metastases in PET-CT scans},
  author={Andrearczyk, Vincent and Oreiller, Valentin and Valli{\`e}res, Martin and Castelli, Joel and Elhalawani, Hesham and Jreige, Mario and Boughdad, Sarah and Prior, John O and Depeursinge, Adrien},
  booktitle={Medical Imaging with Deep Learning},
  pages={33--43},
  year={2020}
}

%%%%%%%%%%%%%%%%%%%%%%%%  EMIDEC %%%%%%%%%%%%%%%%%%%%%%%
@article{lalande2020EMIDEC-Data,
  title={Emidec: A database usable for the automatic evaluation of myocardial infarction from delayed-enhancement cardiac mri},
  author={Lalande, Alain and Chen, Zhihao and Decourselle, Thomas and Qayyum, Abdul and Pommier, Thibaut and Lorgis, Luc and de la Rosa, Ezequiel and Cochet, Alexandre and Cottin, Yves and Ginhac, Dominique and others},
  journal={Data},
  volume={5},
  number={4},
  pages={89},
  year={2020}
}

@InProceedings{zhang20-EMIDEC-1st,
author="Zhang, Yichi",
title="Cascaded Convolutional Neural Network for Automatic Myocardial Infarction Segmentation from Delayed-Enhancement Cardiac MRI",
booktitle="Statistical Atlases and Computational Models of the Heart. M{\&}Ms and EMIDEC Challenges",
year="2021",
pages="328--333"
}



@article{Ma20-EMIDEC-2nd,
  title={Cascaded Framework for Automatic Evaluation of Myocardial Infarction from Delayed-Enhancement Cardiac MRI},
  author={Ma, Jun},
  journal={arXiv preprint arXiv:2012.14556},
  year={2020}
}

@InProceedings{Feng20-EMIDEC-3rd,
author="Feng, Xue
and Kramer, Christopher M.
and Salerno, Michael
and Meyer, Craig H.",
title="Automatic Scar Segmentation from DE-MRI Using 2D Dilated UNet with Rotation-Based Augmentation",
booktitle="Statistical Atlases and Computational Models of the Heart. M{\&}Ms and EMIDEC Challenges",
year="2021",
pages="400--405"
}




@inproceedings{zhou2020ACNN,
  title={ACNN: a full resolution dcnn for medical image segmentation},
  author={Zhou, Xiao-Yun and Zheng, Jian-Qing and Li, Peichao and Yang, Guang-Zhong},
  booktitle={2020 IEEE International Conference on Robotics and Automation (ICRA)},
  pages={8455--8461},
  year={2020}
}


%%%%%%%%%%%%%%%%%%%%%%%%  MyoPS %%%%%%%%%%%%%%%%%%%%%%%
@article{MyoPS-TPAMI,
  title={Multivariate mixture model for myocardial segmentation combining multi-source images},
  author={Zhuang, Xiahai},
  journal={IEEE Transactions on Pattern Analysis and Machine Intelligence},
  volume={41},
  number={12},
  pages={2933--2946},
  year={2018}
}

@inproceedings{MyoPS-MICCAI,
  title={Multivariate mixture model for cardiac segmentation from multi-sequence MRI},
  author={Zhuang, Xiahai},
  booktitle={International Conference on Medical Image Computing and Computer-Assisted Intervention},
  pages={581--588},
  year={2016}
}

@InProceedings{Zhai2020MyoPS,
author="Zhai, Shuwei
and Gu, Ran
and Lei, Wenhui
and Wang, Guotai",
editor="Zhuang, Xiahai
and Li, Lei",
title="Myocardial Edema and Scar Segmentation Using a Coarse-to-Fine Framework with Weighted Ensemble",
booktitle="Myocardial Pathology Segmentation Combining Multi-Sequence Cardiac Magnetic Resonance Images",
year="2020",
pages="49--59"
}

@inproceedings{ma2020MyoPS,
  title={Cascaded Framework with Complementary CMR Information for Myocardial Pathology Segmentation},
  author={Ma, Jun},
  booktitle={Myocardial Pathology Segmentation Combining Multi-Sequence CMR Challenge},
  pages={159--166},
  year={2020}
}

%%%%%%%%%%%%%%%%%%%%%%%%%%% BraTS %%%%%%%%%%%%%%%%%%%%%%%%%%%%%%%%%%%%%%
@article{bakas2018brats,
  title={Identifying the best machine learning algorithms for brain tumor segmentation, progression assessment, and overall survival prediction in the BRATS challenge},
  author={Bakas, Spyridon and Reyes, Mauricio and Jakab, Andras and Bauer, Stefan and Rempfler, Markus and Crimi, Alessandro and others},
  journal={arXiv preprint arXiv:1811.02629},
  year={2018}
}

@article{Brats15-TMI,
  title={The multimodal brain tumor image segmentation benchmark (BRATS)},
  author={Menze, Bjoern H and Jakab, Andras and Bauer, Stefan and Kalpathy-Cramer, Jayashree and Farahani, Keyvan and Kirby, Justin and Burren, Yuliya and Porz, Nicole and Slotboom, Johannes and Wiest, Roland and others},
  journal={IEEE Transactions on Medical Imaging},
  volume={34},
  number={10},
  pages={1993--2024},
  year={2014}
}

@article{bratscite3,
  title={Advancing the cancer genome atlas glioma MRI collections with expert segmentation labels and radiomic features},
  author={Bakas, Spyridon and Akbari, Hamed and Sotiras, Aristeidis and Bilello, Michel and Rozycki, Martin and Kirby, Justin S and Freymann, John B and Farahani, Keyvan and Davatzikos, Christos},
  journal={Scientific data},
  volume={4},
  pages={170117},
  year={2017}
}

@article{bratscite4,
  title={Segmentation Labels and Radiomic Features for the Pre-operative Scans of the TCGA-GBM collection},
  author={Spyridon, Bakas and Hamed, Akbari and Aristeidis, Sotiras and Michel, Bilello and Martin, Rozycki and Justin, Kirby and John, Freymann and Keyvan, Farahani and Christos, Davatzikos},
  journal={The Cancer Imaging Archive},
  year={2017}
}

@article{bratscite5,
  title={Segmentation Labels and Radiomic Features for the Pre-operative Scans of the TCGA-LGG collection},
  author={Spyridon, Bakas and Hamed, Akbari and Aristeidis, Sotiras and Michel, Bilello and Martin, Rozycki and Justin, Kirby and John, Freymann and Keyvan, Farahani and Christos, Davatzikos},
  journal={The Cancer Imaging Archive},
  year={2017}
}


@InProceedings{isensee2020brats-1st,
author="Isensee, Fabian
and J{\"a}ger, Paul F.
and Full, Peter M.
and Vollmuth, Philipp
and Maier-Hein, Klaus H.",
title="nnU-Net for Brain Tumor Segmentation",
booktitle="Brainlesion: Glioma, Multiple Sclerosis, Stroke and Traumatic Brain Injuries",
year="2021",
publisher="Springer International Publishing",
address="Cham",
pages="118--132"
}



@InProceedings{wang2020brats-2nd,
author="Wang, Yixin
and Zhang, Yao
and Hou, Feng
and Liu, Yang
and Tian, Jiang
and Zhong, Cheng
and Zhang, Yang
and He, Zhiqiang",
title="Modality-Pairing Learning for Brain Tumor Segmentation",
booktitle="Brainlesion: Glioma, Multiple Sclerosis, Stroke and Traumatic Brain Injuries",
year="2021",
publisher="Springer International Publishing",
address="Cham",
pages="230--240"
}


@InProceedings{jia2020brats-2nd,
author="Jia, Haozhe
and Cai, Weidong
and Huang, Heng
and Xia, Yong",
title="H2NF-Net for Brain Tumor Segmentation Using Multimodal MR Imaging: 2nd Place Solution to BraTS Challenge 2020 Segmentation Task",
booktitle="Brainlesion: Glioma, Multiple Sclerosis, Stroke and Traumatic Brain Injuries",
year="2021",
publisher="Springer International Publishing",
address="Cham",
pages="58--68"
}


%%%%%%%%%%%%%%%%%%%%%%%% ABCs %%%%%%%%%%%%%%%%%%%%%%%%%%%%%
@InProceedings{ABCs-Overview,
author="Shusharina, Nadya
and Bortfeld, Thomas
and Cardenas, Carlos
and De, Brian
and Diao, Kevin
and Hernandez, Soleil
and Liu, Yufei
and Maroongroge, Sean
and S{\"o}derberg, Jonas
and Soliman, Moaaz",
title="Cross-Modality Brain Structures Image Segmentation for the Radiotherapy Target Definition and Plan Optimization",
booktitle="Segmentation, Classification, and Registration of Multi-modality Medical Imaging Data",
year="2021",
publisher="Springer International Publishing",
address="Cham",
pages="3--15"
}

@InProceedings{ABCs-2020-1st,
author="Ning, Munan
and Bian, Cheng
and Yuan, Chenglang
and Ma, Kai
and Zheng, Yefeng",
title="Ensembled ResUnet for Anatomical Brain Barriers Segmentation",
booktitle="Segmentation, Classification, and Registration of Multi-modality Medical Imaging Data",
year="2021",
publisher="Springer International Publishing",
address="Cham",
pages="27--33"
}

% HCP
@article{van2013wu,
  title={The WU-Minn human connectome project: an overview},
  author={Van Essen, David C and Smith, Stephen M and Barch, Deanna M and Behrens, Timothy EJ and Yacoub, Essa and Ugurbil, Kamil and Wu-Minn HCP Consortium and others},
  journal={Neuroimage},
  volume={80},
  pages={62--79},
  year={2013}
}

% ABIDE
@article{di2014autism,
  title={The autism brain imaging data exchange: towards a large-scale evaluation of the intrinsic brain architecture in autism},
  author={Di Martino, Adriana and Yan, Chao-Gan and Li, Qingyang and Denio, Erin and Castellanos, Francisco X and Alaerts, Kaat and Anderson, Jeffrey S and Assaf, Michal and Bookheimer, Susan Y and Dapretto, Mirella and others},
  journal={Molecular psychiatry},
  volume={19},
  number={6},
  pages={659--667},
  year={2014}
}

% NCI
@misc{nci_prostate_dataset,
  title={NCI-ISBI 2013 challenge: automated segmentation of prostate structures},
  author={Bloch, N. and Madabhushi, A. and Huisman, H. and others},
  url={https://wiki.cancerimagingarchive.net/},
  year={2015}
}


% PROMISE12
@article{PROMISE12,
  title={Evaluation of prostate segmentation algorithms for MRI: the PROMISE12 challenge},
  author={Litjens, Geert and Toth, Robert and van de Ven, Wendy and Hoeks, Caroline and Kerkstra, Sjoerd and van Ginneken, Bram and Vincent, Graham and Guillard, Gwenael and Birbeck, Neil and Zhang, Jindang and others},
  journal={Medical Image Analysis},
  volume={18},
  number={2},
  pages={359--373},
  year={2014}
}


% USZ
@Article{Becker2019a,
  author    = {Anton S. Becker and Krishna Chaitanya and Khoschy Schawkat and Urs J. Muehlematter and Andreas M. Hötker and Ender Konukoglu and Olivio F. Donati},
  title     = {Variability of manual segmentation of the prostate in axial T2-weighted {MRI}: A multi-reader study},
  journal   = {European Journal of Radiology},
  year      = {2019},
  volume    = {121},
  pages     = {108716},
}


% RVSC
@article{petitjean2015right,
  title={Right ventricle segmentation from cardiac MRI: a collation study},
  author={Petitjean, Caroline and Zuluaga, Maria A and Bai, Wenjia and Dacher, Jean-Nicolas and Grosgeorge, Damien and Caudron, J{\'e}r{\^o}me and Ruan, Su and Ayed, Ismail Ben and Cardoso, M Jorge and Chen, Hsiang-Chou and others},
  journal={Medical image analysis},
  volume={19},
  number={1},
  pages={187--202},
  year={2015},
  publisher={Elsevier}
}

%%%%%%%%%%%%%%%%%%%%%%%%%%%%%%%%%%%%%%%%%%%%%%%%%%%%%%%%%%%%%%%%%%%%%%%%%%%%%%%%%%
%%%%%%%%%%%%%%%%%%%%%%%%%%%%%%%%% FLARE21 top 5 methods %%%%%%%%%%%%%%%%%%%%%%%%%%%%%%%%%%%%%%%%%%%
%%%%%%%%%%%%%%%%%%%%%%%%%%%%%%%%%%%%%%%%%%%%%%%%%%%%%%%%%%%%%%%%%%%%%%%%%%%%%%%%%%

@article{he2015spatial,
  title={Spatial pyramid pooling in deep convolutional networks for visual recognition},
  author={He, Kaiming and Zhang, Xiangyu and Ren, Shaoqing and Sun, Jian},
  journal={IEEE Transactions on Pattern Analysis and Machine Intelligence},
  volume={37},
  number={9},
  pages={1904--1916},
  year={2015},
  publisher={IEEE}
}

@article{howard2017mobilenets,
  title={Mobilenets: Efficient convolutional neural networks for mobile vision applications},
  author={Howard, Andrew G and Zhu, Menglong and Chen, Bo and Kalenichenko, Dmitry and Wang, Weijun and Weyand, Tobias and Andreetto, Marco and Adam, Hartwig},
  journal={arXiv preprint arXiv:1704.04861},
  year={2017}
}

@article{oreiller2021head,
  title={Head and Neck Tumor Segmentation in PET/CT: The HECKTOR Challenge},
  author={Oreiller, Valentin and Andrearczyk, Vincent and Jreige, Mario and Boughdad, Sarah and Elhalawani, Hesham and Castelli, Joel and Valli{\`e}res, Martin and Zhu, Simeng and Xie, Juanying and Peng, Ying and others},
  journal={Medical Image Analysis},
  pages={102336},
  year={2021},
  volume={77}
}

@article{timmins2021comparing,
  title={Comparing methods of detecting and segmenting unruptured intracranial aneurysms on TOF-MRAS: The ADAM Challenge},
  author={Timmins, Kimberley M and van der Schaaf, Irene C and Bennink, Edwin and Ruigrok, Ynte M and An, Xingle and Baumgartner, Michael and Bourdon, Pascal and De Feo, Riccardo and Di Noto, Tommaso and Dubost, Florian and others},
  journal={NeuroImage},
  pages={118216},
  year={2021},
  volume={238}
}

@article{luu2021extending,
  title={Extending nn-UNet for brain tumor segmentation},
  author={Luu, Huan Minh and Park, Sung-Hong},
  journal={arXiv preprint arXiv:2112.04653},
  year={2021}
}

% icg
@inproceedings{payer2016regressing,
  title={Regressing heatmaps for multiple landmark localization using CNNs},
  author={Payer, Christian and {\v{S}}tern, Darko and Bischof, Horst and Urschler, Martin},
  booktitle={International Conference on Medical Image Computing and Computer-Assisted Intervention},
  pages={230--238},
  year={2016}
}


% txd
@inproceedings{szegedy2015going,
  title={Going deeper with convolutions},
  author={Szegedy, Christian and Liu, Wei and Jia, Yangqing and Sermanet, Pierre and Reed, Scott and Anguelov, Dragomir and Erhan, Dumitru and Vanhoucke, Vincent and Rabinovich, Andrew},
  booktitle={Proceedings of the IEEE Conference on Computer Vision and Pattern Recognition},
  pages={1--9},
  year={2015}
}

@inproceedings{hu2018SE-Net,
  title={Squeeze-and-excitation networks},
  author={Hu, Jie and Shen, Li and Sun, Gang},
  booktitle={Proceedings of the IEEE Conference on Computer Vision and Pattern Recognition},
  pages={7132--7141},
  year={2018}
}

% rrr_mcr
@inproceedings{redmon2016you,
  title={You only look once: Unified, real-time object detection},
  author={Redmon, Joseph and Divvala, Santosh and Girshick, Ross and Farhadi, Ali},
  booktitle={Proceedings of the IEEE Conference on Computer Vision and Pattern Recognition},
  pages={779--788},
  year={2016}
}

@inproceedings{szegedy2016rethinking,
  title={Rethinking the inception architecture for computer vision},
  author={Szegedy, Christian and Vanhoucke, Vincent and Ioffe, Sergey and Shlens, Jon and Wojna, Zbigniew},
  booktitle={Proceedings of the IEEE Conference on Computer Vision and Pattern Recognition},
  pages={2818--2826},
  year={2016}
}

@article{yang2019asymmetric,
  title={Asymmetric 3d convolutional neural networks for action recognition},
  author={Yang, Hao and Yuan, Chunfeng and Li, Bing and Du, Yang and Xing, Junliang and Hu, Weiming and Maybank, Stephen J},
  journal={Pattern Recognition},
  volume={85},
  pages={1--12},
  year={2019},
  publisher={Elsevier}
}

@inproceedings{abadi2016tensorflow,
  title={Tensorflow: A system for large-scale machine learning},
  author={Abadi, Mart{\'\i}n and Barham, Paul and Chen, Jianmin and Chen, Zhifeng and Davis, Andy and Dean, Jeffrey and Devin, Matthieu and Ghemawat, Sanjay and Irving, Geoffrey and Isard, Michael and others},
  booktitle={12th $\{$USENIX$\}$ Symposium on Operating Systems Design and Implementation ($\{$OSDI$\}$ 16)},
  pages={265--283},
  year={2016}
}

@inproceedings{pizer1990contrast,
  title={Contrast-limited adaptive histogram equalization: Speed and effectiveness stephen m. pizer, r. eugene johnston, james p. ericksen, bonnie c. yankaskas, keith e. muller medical image display research group},
  author={Pizer, Stephen M},
  booktitle={Proceedings of the First Conference on Visualization in Biomedical Computing, Atlanta, Georgia},
  volume={337},
  year={1990}
}

%%%%%%%%%%%%%%%%%%%%%%%%%%%%%%%%%%%%%%%%%%%%%%%%%%%%%%%%%%%%%%%%%%%%%%%%%%%%%%%%%%
%%%%%%%%%%%%%%%%%%%%%%%%%%%%%%%%% Introduction %%%%%%%%%%%%%%%%%%%%%%%%%%%%%%%%%%%%%%%%%%%
%%%%%%%%%%%%%%%%%%%%%%%%%%%%%%%%%%%%%%%%%%%%%%%%%%%%%%%%%%%%%%%%%%%%%%%%%%%%%%%%%%

@article{awai2006pulmonary,
  title={Pulmonary nodules: estimation of malignancy at thin-section helical CT—effect of computer-aided diagnosis on performance of radiologists},
  author={Awai, Kazuo and Murao, Kohei and Ozawa, Akio and Nakayama, Yoshiharu and Nakaura, Takeshi and Liu, Duo and Kawanaka, Koichi and Funama, Yoshinori and Morishita, Shoji and Yamashita, Yasuyuki},
  journal={Radiology},
  volume={239},
  number={1},
  pages={276--284},
  year={2006}
}

@article{borhani2021imaging,
  title={Imaging Evaluation of Living Liver Donor Candidates: Techniques, Protocols, and Anatomy},
  author={Borhani, Amir A and Elsayes, Khaled M and Catania, Roberta and Kambadakone, Avinash and Furlan, Alessandro and Kierans, Andrea S and Kamath, Amita and Harmath, Carla and Horvat, Natally and Humar, Abhinav and others},
  journal={RadioGraphics},
  volume={41},
  number={6},
  pages={1572--1591},
  year={2021},
  publisher={Radiological Society of North America}
}

@article{clark2005staging,
  title={Staging and current treatment of hepatocellular carcinoma},
  author={Clark, Hollins P and Carson, W Forrest and Kavanagh, Peter V and Ho, Coty PH and Shen, Perry and Zagoria, Ronald J},
  journal={Radiographics},
  volume={25},
  number={suppl\_1},
  pages={S3--S23},
  year={2005},
  publisher={Radiological Society of North America}
}

@article{westra1999cardiac,
  title={Cardiac electron-beam CT in children undergoing surgical repair for pulmonary atresia},
  author={Westra, Sjirk J and Hurteau, Julie and Galindo, Alvaro and McNitt-Gray, Michael F and Boechat, M Ines and Laks, Hillel},
  journal={Radiology},
  volume={213},
  number={2},
  pages={502--512},
  year={1999},
  publisher={Radiological Society of North America}
}

@article{FLARE21-MIA,
title = {Fast and Low-GPU-memory abdomen CT organ segmentation: The FLARE challenge},
author = {Jun Ma and Yao Zhang and Song Gu and Xingle An and Zhihe Wang and Cheng Ge and Congcong Wang and Fan Zhang and Yu Wang and Yinan Xu and Shuiping Gou and Franz Thaler and Christian Payer and Darko Štern and Edward G.A. Henderson and Dónal M. McSweeney and Andrew Green and Price Jackson and Lachlan McIntosh and Quoc-Cuong Nguyen and Abdul Qayyum and Pierre-Henri Conze and Ziyan Huang and Ziqi Zhou and Deng-Ping Fan and Huan Xiong and Guoqiang Dong and Qiongjie Zhu and Jian He and Xiaoping Yang},
journal = {Medical Image Analysis},
pages = {102616},
volume = {82},
year =  {2022}
}


@article{NatMed-panda,
  title={Artificial intelligence for diagnosis and Gleason grading of prostate cancer: the PANDA challenge},
  author={Bulten, Wouter and Kartasalo, Kimmo and Chen, Po-Hsuan Cameron and Str{\"o}m, Peter and Pinckaers, Hans and Nagpal, Kunal and Cai, Yuannan and Steiner, David F and van Boven, Hester and Vink, Robert and others},
  journal={Nature Medicine},
  volume={28},
  number={1},
  pages={154--163},
  year={2022}
}

@article{NatMeth-nucleus,
  title={Nucleus segmentation across imaging experiments: the 2018 Data Science Bowl},
  author={Caicedo, Juan C and Goodman, Allen and Karhohs, Kyle W and Cimini, Beth A and Ackerman, Jeanelle and Haghighi, Marzieh and Heng, CherKeng and Becker, Tim and Doan, Minh and McQuin, Claire and others},
  journal={Nature Methods},
  volume={16},
  number={12},
  pages={1247--1253},
  year={2019}
}


%%%%%%%%%%%%%%%%%%%%%%%%%%%%%%%%%%%%%%%%%%%%%%%%%%%%%%%%%%%%%%%%%%%%%%%%%%%%%%%%%%
%%%%%%%%%%%%%%%%%%%%% Transformers %%%%%%%%%%%%%%%%%%%%%
%%%%%%%%%%%%%%%%%%%%%%%%%%%%%%%%%%%%%%%%%%%%%%%%%%%%%%%%%%%%%%%%%%%%%%%%%%%%%%%%%%


@article{attention-Nips17,
  title={Attention is all you need},
  author={Vaswani, Ashish and Shazeer, Noam and Parmar, Niki and Uszkoreit, Jakob and Jones, Llion and Gomez, Aidan N and Kaiser, {\L}ukasz and Polosukhin, Illia},
  journal={Advances in neural Information Processing Systems},
  volume={30},
  year={2017}
}

@inproceedings{MAE,
  title={Masked autoencoders are scalable vision learners},
  author={He, Kaiming and Chen, Xinlei and Xie, Saining and Li, Yanghao and Doll{\'a}r, Piotr and Girshick, Ross},
  booktitle={Proceedings of the IEEE/CVF Conference on Computer Vision and Pattern Recognition},
  pages={16000--16009},
  year={2022}
}

@inproceedings{ViT2020,
  title={An Image is Worth 16x16 Words: Transformers for Image Recognition at Scale},
  author={Dosovitskiy, Alexey and Beyer, Lucas and Kolesnikov, Alexander and Weissenborn, Dirk and Zhai, Xiaohua and Unterthiner, Thomas and Dehghani, Mostafa and Minderer, Matthias and Heigold, Georg and Gelly, Sylvain and others},
  booktitle={International Conference on Learning Representations},
  year={2020}
}

@article{GPT-3,
  title={Language models are few-shot learners},
  author={Brown, Tom B and Mann, Benjamin and Ryder, Nick and Subbiah, Melanie and Kaplan, Jared and Dhariwal, Prafulla and Neelakantan, Arvind and Shyam, Pranav and Sastry, Girish and Askell, Amanda and others},
  journal={arXiv preprint arXiv:2005.14165},
  year={2020}
}

@article{FourierPE-Nips20,
  title={Fourier features let networks learn high frequency functions in low dimensional domains},
  author={Tancik, Matthew and Srinivasan, Pratul and Mildenhall, Ben and Fridovich-Keil, Sara and Raghavan, Nithin and Singhal, Utkarsh and Ramamoorthi, Ravi and Barron, Jonathan and Ng, Ren},
  journal={Advances in Neural Information Processing Systems},
  volume={33},
  pages={7537--7547},
  year={2020}
}


@inproceedings{CLIP-ICML2021,
  title={Learning transferable visual models from natural language supervision},
  author={Radford, Alec and Kim, Jong Wook and Hallacy, Chris and Ramesh, Aditya and Goh, Gabriel and Agarwal, Sandhini and Sastry, Girish and Askell, Amanda and Mishkin, Pamela and Clark, Jack and others},
  booktitle={International Conference on Machine Learning},
  pages={8748--8763},
  year={2021}
}

%%%%%%%%%%%%%%%%%%%%%%%%%%%%%%%%%%%%%%%%%%%%%%%%%%%%%%%%%%%%%%%%%%%%%%%%%%%%%%%%%%
%%%%%%%%%%%%%%%%%%%%% Segmentation Foundation Models %%%%%%%%%%%%%%%%%%%%%
%%%%%%%%%%%%%%%%%%%%%%%%%%%%%%%%%%%%%%%%%%%%%%%%%%%%%%%%%%%%%%%%%%%%%%%%%%%%%%%%%%
@article{2023-SAM-Meta,
  title={Segment anything},
  author={Kirillov, Alexander and Mintun, Eric and Ravi, Nikhila and Mao, Hanzi and Rolland, Chloe and Gustafson, Laura and Xiao, Tete and Whitehead, Spencer and Berg, Alexander C and Lo, Wan-Yen and others},
  journal={arXiv preprint arXiv:2304.02643},
  year={2023}
}

@article{2023-SegGPT,
  title={SegGPT: Segmenting Everything In Context},
  author={Wang, Xinlong and Zhang, Xiaosong and Cao, Yue and Wang, Wen and Shen, Chunhua and Huang, Tiejun},
  journal={arXiv preprint arXiv:2304.03284},
  year={2023}
}

@article{2023-SEEM,
  title={Segment Everything Everywhere All at Once},
  author={Zou, Xueyan and Yang, Jianwei and Zhang, Hao and Li, Feng and Li, Linjie and Gao, Jianfeng and Lee, Yong Jae},
  journal={arXiv preprint arXiv:2304.06718},
  year={2023}
}



% benchmark SAM on different tasks
@article{SAM-pathology,
  title={Segment anything model (sam) for digital pathology: Assess zero-shot segmentation on whole slide imaging},
  author={Deng, Ruining and Cui, Can and Liu, Quan and Yao, Tianyuan and Remedios, Lucas W and Bao, Shunxing and Landman, Bennett A and Wheless, Lee E and Coburn, Lori A and Wilson, Keith T and others},
  journal={arXiv preprint arXiv:2304.04155},
  year={2023}
}

@article{SAM-DKFZ-Abdomen,
  title={SAM. MD: Zero-shot medical image segmentation capabilities of the Segment Anything Model},
  author={Roy, Saikat and Wald, Tassilo and Koehler, Gregor and Rokuss, Maximilian R and Disch, Nico and Holzschuh, Julius and Zimmerer, David and Maier-Hein, Klaus H},
  journal={arXiv preprint arXiv:2304.05396},
  year={2023}
}

@article{SAM-LiverTumor,
  title={When SAM Meets Medical Images: An Investigation of Segment Anything Model (SAM) on Multi-phase Liver Tumor Segmentation},
  author={Hu, Chuanfei and Li, Xinde},
  journal={arXiv preprint arXiv:2304.08506},
  year={2023}
}

@article{SAM-Meds,
  title={Accuracy of Segment-Anything Model (SAM) in medical image segmentation tasks},
  author={He, Sheng and Bao, Rina and Li, Jingpeng and Grant, P Ellen and Ou, Yangming},
  journal={arXiv preprint arXiv:2304.09324},
  year={2023}
}

@article{SAM-Polyps,
  title={Can SAM Segment Polyps?},
  author={Zhou, Tao and Zhang, Yizhe and Zhou, Yi and Wu, Ye and Gong, Chen},
  journal={arXiv preprint arXiv:2304.07583},
  year={2023}
}


@article{SAM-BrainMR,
  title={SAM vs BET: A Comparative Study for Brain Extraction and Segmentation of Magnetic Resonance Images using Deep Learning},
  author={Mohapatra, Sovesh and Gosai, Advait and Schlaug, Gottfried},
  journal={arXiv preprint arXiv:2304.04738},
  year={2023}
}



@article{SAM-Meds-2,
  title={Segment Anything Model for Medical Image Analysis: an Experimental Study},
  author={Maciej, A. Mazurowski and Haoyu, Dong and Hanxue, Gu and Jichen, Yang and Nicholas, Konz and Yixin, Zhang},
  journal={arXiv preprint arXiv:2304.10517},
  year={2023}
}




@article{SAM-3DSlicer,
  title={SAMM (Segment Any Medical Model): A 3D Slicer Integration to SAM},
  author={Liu, Yihao and Zhang, Jiaming and She, Zhangcong and Kheradmand, Amir and Armand, Mehran},
  journal={arXiv preprint arXiv:2304.05622},
  year={2023}
}


% non-medical tasks
@article{SAM-Infrared,
  title={Learning to" Segment Anything" in Thermal Infrared Images through Knowledge Distillation with a Large Scale Dataset SATIR},
  author={Chen, Junzhang and Bai, Xiangzhi},
  journal={arXiv preprint arXiv:2304.07969},
  year={2023}
}


@article{SAM-Camouflaged,
  title={Can sam segment anything? when sam meets camouflaged object detection},
  author={Tang, Lv and Xiao, Haoke and Li, Bo},
  journal={arXiv preprint arXiv:2304.04709},
  year={2023}
}

@article{SAM-Camouflaged2,
  title={SAM Struggles in Concealed Scenes--Empirical Study on" Segment Anything"},
  author={Ji, Ge-Peng and Fan, Deng-Ping and Xu, Peng and Cheng, Ming-Ming and Zhou, Bowen and Van Gool, Luc},
  journal={arXiv preprint arXiv:2304.06022},
  year={2023}
}

@article{SAM-RealworldApplication,
  title={Segment anything is not always perfect: An investigation of sam on different real-world applications},
  author={Ji, Wei and Li, Jingjing and Bi, Qi and Li, Wenbo and Cheng, Li},
  journal={arXiv preprint arXiv:2304.05750},
  year={2023}
}



% SAM + other tools
@article{SAM-Inpaint,
  title={Inpaint Anything: Segment Anything Meets Image Inpainting},
  author={Yu, Tao and Feng, Runseng and Feng, Ruoyu and Liu, Jinming and Jin, Xin and Zeng, Wenjun and Chen, Zhibo},
  journal={arXiv preprint arXiv:2304.06790},
  year={2023}
}

@techreport{SAM-Detection,
  title={Segmenting Anything Also Detect Anything},
  author={Wang, Rongsheg and Duan, Yaofei and Li, Yukun},
  year={2023},
  institution={EasyChair}
}


% Fine-tune SAM on different tasks
@article{SAM-Adaper,
  title={SAM Fails to Segment Anything?--SAM-Adapter: Adapting SAM in Underperformed Scenes: Camouflage, Shadow, and More},
  author={Chen, Tianrun and Zhu, Lanyun and Ding, Chaotao and Cao, Runlong and Zhang, Shangzhan and Wang, Yan and Li, Zejian and Sun, Lingyun and Mao, Papa and Zang, Ying},
  journal={arXiv preprint arXiv:2304.09148},
  year={2023}
}


@article{wang-deepigeos-PAMI,
  title={DeepIGeoS: a deep interactive geodesic framework for medical image segmentation},
  author={Wang, Guotai and Zuluaga, Maria A and Li, Wenqi and Pratt, Rosalind and Patel, Premal A and Aertsen, Michael and Doel, Tom and David, Anna L and Deprest, Jan and Ourselin, S{\'e}bastien and others},
  journal={IEEE Transactions on Pattern Analysis and Machine Intelligence},
  volume={41},
  number={7},
  pages={1559--1572},
  year={2018}
}

@article{wang-interactive2,
  title={Interactive medical image segmentation using deep learning with image-specific fine tuning},
  author={Wang, Guotai and Li, Wenqi and Zuluaga, Maria A and Pratt, Rosalind and Patel, Premal A and Aertsen, Michael and Doel, Tom and David, Anna L and Deprest, Jan and Ourselin, S{\'e}bastien and others},
  journal={IEEE Transactions on Medical Imaging},
  volume={37},
  number={7},
  pages={1562--1573},
  year={2018}
}


